@TechReport{Dugad1996,
  author      = {Dugad, Rakesh and Desai, U. B.},
  institution = {Signal Processing and Artifcial Neural Networks Laboratory Department of Electrical Engineering Indian Institute of Technology},
  title       = {A tutorial on Hidden Markov Models},
  year        = {1996},
  language    = {english},
}

@InCollection{Stamp2021,
  author    = {Stamp, Mark},
  booktitle = {A revealing introduction to Hidden Markov Models},
  publisher = {Chapman and Hall},
  title     = {Introduction to Machine Learning with Applications in Information Security},
  year      = {2021},
  language  = {english},
}

@InCollection{Jurafsky2021,
  author    = {Jurafsky, Daniel and Martin, James H.},
  booktitle = {Hidden Markov Models},
  publisher = {Prentice Hall},
  title     = {Speech and Language Processing},
  year      = {2021},
  language  = {english},
}

@Article{Rabiner1989,
  author   = {Rabiner, L.R.},
  journal  = {Proceedings of the IEEE},
  title    = {A tutorial on hidden Markov models and selected applications in speech recognition},
  year     = {1989},
  pages    = {257 - 286},
  language = {english},
}

@InCollection{Compeau2015,
  author    = {Compeau, Phillip and Pevzner, Pavel},
  booktitle = {Bioinformatics Algorithms: An Active Learning Approach, 2nd Ed. Vol. 1},
  publisher = {Active Learning Publishers},
  title     = {How do we compare DNA sequences},
  year      = {2015},
  language  = {english},
}

@InCollection{Compeau2015a,
  author    = {Compeau, Phillip and Pevzner, Pavel},
  booktitle = {Bioinformatics Algorithms: An Active Learning Approach, 2nd Ed. Vol. 2},
  publisher = {Active Learning Publishers},
  title     = {Why have biologists still not developed an HIV vaccine},
  year      = {2015},
  language  = {english},
}

@Article{Newberg2009,
  author   = {Newberg, Lee A},
  journal  = {MC Bioinformatics},
  title    = {Error statistics of hidden Markov model and hidden Boltzmann model results},
  year     = {2009},
  language = {english},
}

@Article{Newberg2008,
  author   = {Newberg, Lee A},
  journal  = {Journal of Computational Biology},
  title    = {Significance of Gapped Sequence Alignments},
  year     = {2008},
  language = {english},
}

@Misc{Vlasenko2022,
  author       = {Daniil Vlasenko},
  howpublished = {https://github.com/Daniil-Vlasenko/SPbUSignifica nceEstimation},
  title        = {Significance estimation},
  year         = {2022},
  journal      = {GitHub repository},
  publisher    = {GitHub},
}

@Comment{jabref-meta: databaseType:bibtex;}
